 @misc{AnAgeContrived, title={A board game of Engine Building and fantasy gods}, url={https://www.anagecontrived.com/}, journal={AnAgeContrived}} 
 @misc{gymnasium_documentation, title={Gymnasium documentation}, url={https://gymnasium.farama.org/}, journal={Gymnasium Documentation}} 
 @misc{simpleai, title={Simple AI}, url={http://www.simple-ai.com/}, journal={SimpleAI}} 
 @misc{welcome_to_tianshou, title={Welcome to Tianshou!}, url={https://tianshou.readthedocs.io/en/master/}, journal={Welcome to Tianshou! - Tianshou 0.5.1 documentation}} 
@misc{apache_echarts, url={https://echarts.apache.org/en/index.html}, journal={Apache ECharts}, title={Apache ECharts}}
@misc{plotly_python_graphing_library, title={Plotly}, url={https://plotly.com/python/}, journal={Plotly Python Graphing Library}} 
@misc{react-vis, title={react-vis}, url={https://uber.github.io/react-vis/}, journal={React-vis}} 
@misc{erikras, title={Tic-Tac-Toe FSM}, url={https://github.com/erikras/tic-tac-toe-finite-state-machine}, author={Erikras}} 
@misc{brilliant_math, title={Finite State Machines}, url={https://brilliant.org/wiki/finite-state-machines/}, journal={Brilliant Math &amp; Science Wiki}} 
@misc{srs_template, title={SRS Template}, url={https://github.com/smiths/capTemplate/tree/main/docs/SRS}, author={Dr. Spencer Smith}}